{
    "xml": "<marc:record xmlns:marc=\"http://www.loc.gov/MARC21/slim\">\n    <marc:leader>04594nx  f2200553   4500</marc:leader>\n    <marc:controlfield tag=\"001\">UMLRM0129</marc:controlfield>\n    <marc:datafield tag=\"033\" ind1=\" \" ind2=\" \">\n      <marc:subfield code=\"a\">https://www.wikidata.org/wiki/Q1324090</marc:subfield>\n    </marc:datafield>\n    <marc:datafield tag=\"033\" ind1=\" \" ind2=\" \">\n      <marc:subfield code=\"a\">http://viaf.org/viaf/316752046</marc:subfield>\n    </marc:datafield>\n    <marc:datafield tag=\"100\" ind1=\" \" ind2=\" \">\n      <marc:subfield code=\"a\">20221020afrey50      ba0</marc:subfield>\n    </marc:datafield>\n    <marc:datafield tag=\"101\" ind1=\"0\" ind2=\" \">\n      <marc:subfield code=\"a\">eng</marc:subfield>\n      <marc:subfield code=\"a\">ger</marc:subfield>\n    </marc:datafield>\n    <marc:datafield tag=\"102\" ind1=\" \" ind2=\" \">\n      <marc:subfield code=\"a\">GB</marc:subfield>\n      <marc:subfield code=\"a\">US</marc:subfield>\n      <marc:subfield code=\"a\">LU</marc:subfield>\n    </marc:datafield>\n    <marc:datafield tag=\"104\" ind1=\" \" ind2=\" \">\n      <marc:subfield code=\"a\">d2000</marc:subfield>\n    </marc:datafield>\n    <marc:datafield tag=\"125\" ind1=\"0\" ind2=\"0\">\n      <marc:subfield code=\"a\">m</marc:subfield>\n    </marc:datafield>\n    <marc:datafield tag=\"127\" ind1=\"0\" ind2=\" \">\n      <marc:subfield code=\"a\">013200</marc:subfield>\n    </marc:datafield>\n    <marc:datafield tag=\"140\" ind1=\" \" ind2=\" \">\n      <marc:subfield code=\"a\">ic</marc:subfield>\n      <marc:subfield code=\"b\">ffho</marc:subfield>\n      <marc:subfield code=\"2\">BnF-GenreFilm</marc:subfield>\n    </marc:datafield>\n    <marc:datafield tag=\"145\" ind1=\"0\" ind2=\" \">\n      <marc:subfield code=\"a\">b</marc:subfield>\n      <marc:subfield code=\"b\">xa2ae</marc:subfield>\n    </marc:datafield>\n    <marc:datafield tag=\"147\" ind1=\"0\" ind2=\" \">\n      <marc:subfield code=\"a\">h</marc:subfield>\n      <marc:subfield code=\"e\">c</marc:subfield>\n    </marc:datafield>\n    <marc:datafield tag=\"152\" ind1=\" \" ind2=\" \">\n      <marc:subfield code=\"a\">RDA-FR</marc:subfield>\n    </marc:datafield>\n    <marc:datafield tag=\"154\" ind1=\" \" ind2=\" \">\n      <marc:subfield code=\"a\">xa</marc:subfield>\n    </marc:datafield>\n    <marc:datafield tag=\"231\" ind1=\" \" ind2=\" \">\n      <marc:subfield code=\"7\">ba0yba0y</marc:subfield>\n      <marc:subfield code=\"8\">freeng</marc:subfield>\n      <marc:subfield code=\"a\">Shadow of the vampire</marc:subfield>\n      <marc:subfield code=\"c\">film</marc:subfield>\n    </marc:datafield>\n    <marc:datafield tag=\"333\" ind1=\" \" ind2=\" \">\n      <marc:subfield code=\"a\">Adultes, tout public</marc:subfield>\n    </marc:datafield>\n    <marc:datafield tag=\"370\" ind1=\" \" ind2=\" \">\n      <marc:subfield code=\"c\">D'apr&#232;s le tournage du film \"Nosferatu : eine Symphonie des Grauens\" (sorti en France sous le titre de \"Nosferatu le vampire\") de F.-W. Murnau</marc:subfield>\n    </marc:datafield>\n    <marc:datafield tag=\"378\" ind1=\" \" ind2=\" \">\n      <marc:subfield code=\"a\">Le tournage de \"Nosferatu, eine Symphonie des Grauens\" (1922) est entrav&#233; par sa star Max Schreck, qui prend le r&#244;le d'un vampire beaucoup plus au s&#233;rieux qu'il ne semble humainement possible.</marc:subfield>\n      <marc:subfield code=\"b\">IMDb</marc:subfield>\n    </marc:datafield>\n    <marc:datafield tag=\"378\" ind1=\" \" ind2=\" \">\n      <marc:subfield code=\"a\">En 1921, Friedrich Murnau entreprend le tournage de sa version de Dracula : Nosferatu. Contrevenant un peu aux r&#232;gles de l'expressionnisme, il d&#233;cide de tourner en d&#233;cors naturels et emm&#232;ne son &#233;quipe dans une campagne retir&#233;e de Tch&#233;coslovaquie. L'acteur qui doit incarner le vampire, Max Schreck, est parti sur les lieux avant tout le monde pour s'impr&#233;gner de son personnage. D&#232;s sa premi&#232;re sc&#232;ne, il terrorise son partenaire. Il n'appara&#238;t jamais &#224; visage d&#233;couvert, adopte une attitude d&#233;concertante et vit dans l'ombre, retir&#233; de l'&#233;quipe, qui commence &#224; s'inqui&#233;ter. Bient&#244;t, en plein tournage, il se jette sur l'op&#233;rateur et lui suce le sang. Schreck est en fait un authentique vampire &#224; qui, en &#233;change de sa prestation, Murnau a promis de livrer son actrice vedette, Greta. Celle-ci arrive sur les lieux. Schreck devient de plus en plus impatient et Murnau doit sans cesse ren&#233;gocier pour esp&#233;rer finir son film. Un soir, Murnau, drogu&#233;, avoue tout &#224; son producteur. Celui-ci essaie de pi&#233;ger Schreck en faisant entrer la lumi&#232;re du jour &#224; la fin de sa derni&#232;re sc&#232;ne, pour le tuer. Mais le vampire d&#233;joue le tour, et, furieux, tue l'actrice, le producteur et le nouvel op&#233;rateur. Fascin&#233;, Murnau tourne. Des techniciens arrivent alors &#224; ouvrir une porte. Le soleil entre, Schreck meurt. Inconscient du drame, Murnau demande le \"cut\".</marc:subfield>\n      <marc:subfield code=\"b\">Les fiches du cin&#233;ma</marc:subfield>\n      <marc:subfield code=\"z\">fre</marc:subfield>\n    </marc:datafield>\n    <marc:datafield tag=\"431\" ind1=\" \" ind2=\" \">\n      <marc:subfield code=\"7\">ba0yba0y</marc:subfield>\n      <marc:subfield code=\"8\">frefre</marc:subfield>\n      <marc:subfield code=\"a\">L'ombre du vampire</marc:subfield>\n      <marc:subfield code=\"c\">film</marc:subfield>\n    </marc:datafield>\n    <marc:datafield tag=\"441\" ind1=\" \" ind2=\"1\">\n      <marc:subfield code=\"3\">14120989</marc:subfield>\n      <marc:subfield code=\"a\">Merhige, E. Elias (1964-....)</marc:subfield>\n      <marc:subfield code=\"t\">Shadow of the vampire</marc:subfield>\n      <marc:subfield code=\"7\">ba0yba0y</marc:subfield>\n      <marc:subfield code=\"8\">freeng</marc:subfield>\n    </marc:datafield>\n    <marc:datafield tag=\"441\" ind1=\" \" ind2=\"1\">\n      <marc:subfield code=\"3\">14120989</marc:subfield>\n      <marc:subfield code=\"a\">Merhige, E. Elias (1964-....)</marc:subfield>\n      <marc:subfield code=\"t\">L'ombre du vampire</marc:subfield>\n      <marc:subfield code=\"7\">ba0yba0y</marc:subfield>\n      <marc:subfield code=\"8\">frefre</marc:subfield>\n    </marc:datafield>\n    <marc:datafield tag=\"501\" ind1=\" \" ind2=\"1\">\n      <marc:subfield code=\"3\">14120989</marc:subfield>\n      <marc:subfield code=\"7\">ba0yba0y</marc:subfield>\n      <marc:subfield code=\"8\">fre###r</marc:subfield>\n      <marc:subfield code=\"o\">ISNI 0000 0000 8001 4058</marc:subfield>\n      <marc:subfield code=\"a\">Merhige</marc:subfield>\n      <marc:subfield code=\"b\">E. Elias</marc:subfield>\n      <marc:subfield code=\"f\">1964-....</marc:subfield>\n      <marc:subfield code=\"4\">300</marc:subfield>\n    </marc:datafield>\n    <marc:datafield tag=\"501\" ind1=\" \" ind2=\"1\">\n      <marc:subfield code=\"3\">15551902</marc:subfield>\n      <marc:subfield code=\"7\">ba0yba0y</marc:subfield>\n      <marc:subfield code=\"8\">fre###</marc:subfield>\n      <marc:subfield code=\"a\">Katz</marc:subfield>\n      <marc:subfield code=\"b\">Stephen</marc:subfield>\n      <marc:subfield code=\"f\">1959-....</marc:subfield>\n      <marc:subfield code=\"4\">690</marc:subfield>\n    </marc:datafield>\n    <marc:datafield tag=\"501\" ind1=\" \" ind2=\"1\">\n      <marc:subfield code=\"3\">13931937</marc:subfield>\n      <marc:subfield code=\"7\">ba0yba0y</marc:subfield>\n      <marc:subfield code=\"8\">freeng</marc:subfield>\n      <marc:subfield code=\"o\">ISNI 0000 0001 2142 0985</marc:subfield>\n      <marc:subfield code=\"a\">Malkovich</marc:subfield>\n      <marc:subfield code=\"b\">John</marc:subfield>\n      <marc:subfield code=\"f\">1953-....</marc:subfield>\n      <marc:subfield code=\"4\">005</marc:subfield>\n    </marc:datafield>\n    <marc:datafield tag=\"501\" ind1=\" \" ind2=\"1\">\n      <marc:subfield code=\"3\">13930540</marc:subfield>\n      <marc:subfield code=\"7\">ba0yba0y</marc:subfield>\n      <marc:subfield code=\"8\">fre###</marc:subfield>\n      <marc:subfield code=\"o\">ISNI 0000 0001 2120 4334</marc:subfield>\n      <marc:subfield code=\"a\">Dafoe</marc:subfield>\n      <marc:subfield code=\"b\">Willem</marc:subfield>\n      <marc:subfield code=\"f\">1955-....</marc:subfield>\n      <marc:subfield code=\"4\">005</marc:subfield>\n    </marc:datafield>\n    <marc:datafield tag=\"501\" ind1=\" \" ind2=\"1\">\n      <marc:subfield code=\"3\">13955638</marc:subfield>\n      <marc:subfield code=\"7\">ba0yba0y</marc:subfield>\n      <marc:subfield code=\"8\">fre###</marc:subfield>\n      <marc:subfield code=\"o\">ISNI 0000 0001 1491 0388</marc:subfield>\n      <marc:subfield code=\"a\">Elwes</marc:subfield>\n      <marc:subfield code=\"b\">Cary</marc:subfield>\n      <marc:subfield code=\"f\">1962-....</marc:subfield>\n      <marc:subfield code=\"4\">005</marc:subfield>\n    </marc:datafield>\n    <marc:datafield tag=\"511\" ind1=\"0\" ind2=\"2\">\n      <marc:subfield code=\"7\">ba0yba0y</marc:subfield>\n      <marc:subfield code=\"8\">freeng</marc:subfield>\n      <marc:subfield code=\"o\">ISNI 0000 0001 0443 0962</marc:subfield>\n      <marc:subfield code=\"a\">BBC Films</marc:subfield>\n      <marc:subfield code=\"4\">630</marc:subfield>\n    </marc:datafield>\n    <marc:datafield tag=\"511\" ind1=\"0\" ind2=\"2\">\n      <marc:subfield code=\"7\">ba0yba0y</marc:subfield>\n      <marc:subfield code=\"8\">freeng</marc:subfield>\n      <marc:subfield code=\"o\">ISNI 0000 0000 8548 1923</marc:subfield>\n      <marc:subfield code=\"a\">Saturn Films</marc:subfield>\n      <marc:subfield code=\"4\">630</marc:subfield>\n    </marc:datafield>\n    <marc:datafield tag=\"511\" ind1=\"0\" ind2=\"2\">\n      <marc:subfield code=\"7\">ba0yba0y</marc:subfield>\n      <marc:subfield code=\"8\">freeng</marc:subfield>\n      <marc:subfield code=\"o\">ISNI 0000 0001 2189 1007</marc:subfield>\n      <marc:subfield code=\"a\">Pilgrim Films and Television</marc:subfield>\n      <marc:subfield code=\"4\">630</marc:subfield>\n    </marc:datafield>\n    <marc:datafield tag=\"511\" ind1=\"0\" ind2=\"2\">\n      <marc:subfield code=\"7\">ba0yba0y</marc:subfield>\n      <marc:subfield code=\"8\">freeng</marc:subfield>\n      <marc:subfield code=\"a\">Film Fund Luxembourg</marc:subfield>\n      <marc:subfield code=\"4\">630</marc:subfield>\n    </marc:datafield>\n    <marc:datafield tag=\"531\" ind1=\" \" ind2=\" \">\n      <marc:subfield code=\"5\">xxl</marc:subfield>\n      <marc:subfield code=\"3\">UMLRM0001</marc:subfield>\n      <marc:subfield code=\"t\">Nosferatu : eine Symphonie des Grauens</marc:subfield>\n      <marc:subfield code=\"c\">film</marc:subfield>\n    </marc:datafield>\n    <marc:datafield tag=\"608\" ind1=\" \" ind2=\" \">\n      <marc:subfield code=\"3\">11931407</marc:subfield>\n      <marc:subfield code=\"a\">Films de vampires</marc:subfield>\n      <marc:subfield code=\"2\">rameauGenre</marc:subfield>\n    </marc:datafield>\n    <marc:datafield tag=\"608\" ind1=\" \" ind2=\" \">\n      <marc:subfield code=\"3\">11980577</marc:subfield>\n      <marc:subfield code=\"a\">Films d&#8217;horreur</marc:subfield>\n      <marc:subfield code=\"2\">rameauGenre</marc:subfield>\n    </marc:datafield>\n    <marc:datafield tag=\"640\" ind1=\"6\" ind2=\" \">\n      <marc:subfield code=\"0\">Premi&#232;re mise &#224; disposition</marc:subfield>\n      <marc:subfield code=\"a\">FR</marc:subfield>\n      <marc:subfield code=\"f\">#20000515#</marc:subfield>\n      <marc:subfield code=\"h\">Festival de Cannes</marc:subfield>\n    </marc:datafield>\n    <marc:datafield tag=\"640\" ind1=\"6\" ind2=\" \">\n      <marc:subfield code=\"0\">Date de sortie en salle</marc:subfield>\n      <marc:subfield code=\"a\">FR</marc:subfield>\n      <marc:subfield code=\"f\">#20001129#</marc:subfield>\n    </marc:datafield>\n    <marc:datafield tag=\"640\" ind1=\"6\" ind2=\" \">\n      <marc:subfield code=\"0\">Date de sortie en salle</marc:subfield>\n      <marc:subfield code=\"a\">US</marc:subfield>\n      <marc:subfield code=\"f\">#20001229#</marc:subfield>\n    </marc:datafield>\n    <marc:datafield tag=\"640\" ind1=\"6\" ind2=\" \">\n      <marc:subfield code=\"0\">Date de copyright</marc:subfield>\n      <marc:subfield code=\"f\">#2000#####</marc:subfield>\n    </marc:datafield>\n    <marc:datafield tag=\"640\" ind1=\"5\" ind2=\" \">\n      <marc:subfield code=\"0\">Date de tournage</marc:subfield>\n      <marc:subfield code=\"f\">#19990418#</marc:subfield>\n      <marc:subfield code=\"i\">#19990528#</marc:subfield>\n    </marc:datafield>\n    <marc:datafield tag=\"801\" ind1=\" \" ind2=\"0\">\n      <marc:subfield code=\"a\">FR</marc:subfield>\n      <marc:subfield code=\"b\">FR-751131015</marc:subfield>\n      <marc:subfield code=\"c\">20221020</marc:subfield>\n    </marc:datafield>\n    <marc:datafield tag=\"810\" ind1=\" \" ind2=\" \">\n      <marc:subfield code=\"a\">L'ombre du vampire = Shadow of the vampire / E. Elias Merhige, [r&#233;alisateur] ; John Malkovitch, Willem Dafoe, Cary Elwes... [et autres], [acteurs]. &#8211; Paris : Studio Canal+ [&#233;diteur] ; Antony : Universal pictures vid&#233;o France SA [distributeur], 2001 (DL). &#8211; [Image anim&#233;e : vid&#233;o].</marc:subfield>\n    </marc:datafield>\n    <marc:datafield tag=\"810\" ind1=\" \" ind2=\" \">\n      <marc:subfield code=\"a\">Wikipedia : https://fr.wikipedia.org/wiki/L%27Ombre_du_vampire (2022-10-20)</marc:subfield>\n    </marc:datafield>\n    <marc:datafield tag=\"810\" ind1=\" \" ind2=\" \">\n      <marc:subfield code=\"a\">Cin&#233;-ressources : catalogue collectif des biblioth&#232;ques et archives de cin&#233;ma : http://www.cineressources.net (2022-10-20)</marc:subfield>\n    </marc:datafield>\n    <marc:datafield tag=\"810\" ind1=\" \" ind2=\" \">\n      <marc:subfield code=\"a\">IMDB (Internet movie database) : https://www.imdb.com/title/tt0189998 (2022-10-20)</marc:subfield>\n    </marc:datafield>\n  </marc:record>\n  ",
    "init_type": "oe",
    "id": "UMLRM0129",
    "txt": "\n000    04594nx  f2200553   4500\n001    UMLRM0129\n033    $a https://www.wikidata.org/wiki/Q1324090\n033    $a http://viaf.org/viaf/316752046\n100    $a 20221020afrey50      ba0\n101 0  $a eng $a ger\n102    $a GB $a US $a LU\n104    $a d2000\n125 00 $a m\n127 0  $a 013200\n140    $a ic $b ffho $2 BnF-GenreFilm\n145 0  $a b $b xa2ae\n147 0  $a h $e c\n152    $a RDA-FR\n154    $a xa\n231    $7 ba0yba0y $8 freeng $a Shadow of the vampire $c film\n333    $a Adultes, tout public\n370    $c D'apr\u00e8s le tournage du film \"Nosferatu : eine Symphonie des Grauens\" (sorti en France sous le titre de \"Nosferatu le vampire\") de F.-W. Murnau\n378    $a Le tournage de \"Nosferatu, eine Symphonie des Grauens\" (1922) est entrav\u00e9 par sa star Max Schreck, qui prend le r\u00f4le d'un vampire beaucoup plus au s\u00e9rieux qu'il ne semble humainement possible. $b IMDb\n378    $a En 1921, Friedrich Murnau entreprend le tournage de sa version de Dracula : Nosferatu. Contrevenant un peu aux r\u00e8gles de l'expressionnisme, il d\u00e9cide de tourner en d\u00e9cors naturels et emm\u00e8ne son \u00e9quipe dans une campagne retir\u00e9e de Tch\u00e9coslovaquie. L'acteur qui doit incarner le vampire, Max Schreck, est parti sur les lieux avant tout le monde pour s'impr\u00e9gner de son personnage. D\u00e8s sa premi\u00e8re sc\u00e8ne, il terrorise son partenaire. Il n'appara\u00eet jamais \u00e0 visage d\u00e9couvert, adopte une attitude d\u00e9concertante et vit dans l'ombre, retir\u00e9 de l'\u00e9quipe, qui commence \u00e0 s'inqui\u00e9ter. Bient\u00f4t, en plein tournage, il se jette sur l'op\u00e9rateur et lui suce le sang. Schreck est en fait un authentique vampire \u00e0 qui, en \u00e9change de sa prestation, Murnau a promis de livrer son actrice vedette, Greta. Celle-ci arrive sur les lieux. Schreck devient de plus en plus impatient et Murnau doit sans cesse ren\u00e9gocier pour esp\u00e9rer finir son film. Un soir, Murnau, drogu\u00e9, avoue tout \u00e0 son producteur. Celui-ci essaie de pi\u00e9ger Schreck en faisant entrer la lumi\u00e8re du jour \u00e0 la fin de sa derni\u00e8re sc\u00e8ne, pour le tuer. Mais le vampire d\u00e9joue le tour, et, furieux, tue l'actrice, le producteur et le nouvel op\u00e9rateur. Fascin\u00e9, Murnau tourne. Des techniciens arrivent alors \u00e0 ouvrir une porte. Le soleil entre, Schreck meurt. Inconscient du drame, Murnau demande le \"cut\". $b Les fiches du cin\u00e9ma $z fre\n431    $7 ba0yba0y $8 frefre $a L'ombre du vampire $c film\n441  1 $3 14120989 $a Merhige, E. Elias (1964-....) $t Shadow of the vampire $7 ba0yba0y $8 freeng\n441  1 $3 14120989 $a Merhige, E. Elias (1964-....) $t L'ombre du vampire $7 ba0yba0y $8 frefre\n501  1 $3 14120989 $7 ba0yba0y $8 fre###r $o ISNI 0000 0000 8001 4058 $a Merhige $b E. Elias $f 1964-.... $4 300\n501  1 $3 15551902 $7 ba0yba0y $8 fre### $a Katz $b Stephen $f 1959-.... $4 690\n501  1 $3 13931937 $7 ba0yba0y $8 freeng $o ISNI 0000 0001 2142 0985 $a Malkovich $b John $f 1953-.... $4 005\n501  1 $3 13930540 $7 ba0yba0y $8 fre### $o ISNI 0000 0001 2120 4334 $a Dafoe $b Willem $f 1955-.... $4 005\n501  1 $3 13955638 $7 ba0yba0y $8 fre### $o ISNI 0000 0001 1491 0388 $a Elwes $b Cary $f 1962-.... $4 005\n511 02 $7 ba0yba0y $8 freeng $o ISNI 0000 0001 0443 0962 $a BBC Films $4 630\n511 02 $7 ba0yba0y $8 freeng $o ISNI 0000 0000 8548 1923 $a Saturn Films $4 630\n511 02 $7 ba0yba0y $8 freeng $o ISNI 0000 0001 2189 1007 $a Pilgrim Films and Television $4 630\n511 02 $7 ba0yba0y $8 freeng $a Film Fund Luxembourg $4 630\n531    $5 xxl $3 UMLRM0001 $t Nosferatu : eine Symphonie des Grauens $c film\n608    $3 11931407 $a Films de vampires $2 rameauGenre\n608    $3 11980577 $a Films d\u2019horreur $2 rameauGenre\n640 6  $0 Premi\u00e8re mise \u00e0 disposition $a FR $f #20000515# $h Festival de Cannes\n640 6  $0 Date de sortie en salle $a FR $f #20001129#\n640 6  $0 Date de sortie en salle $a US $f #20001229#\n640 6  $0 Date de copyright $f #2000#####\n640 5  $0 Date de tournage $f #19990418# $i #19990528#\n801  0 $a FR $b FR-751131015 $c 20221020\n810    $a L'ombre du vampire = Shadow of the vampire / E. Elias Merhige, [r\u00e9alisateur] ; John Malkovitch, Willem Dafoe, Cary Elwes... [et autres], [acteurs]. \u2013 Paris : Studio Canal+ [\u00e9diteur] ; Antony : Universal pictures vid\u00e9o France SA [distributeur], 2001 (DL). \u2013 [Image anim\u00e9e : vid\u00e9o].\n810    $a Wikipedia : https://fr.wikipedia.org/wiki/L%27Ombre_du_vampire (2022-10-20)\n810    $a Cin\u00e9-ressources : catalogue collectif des biblioth\u00e8ques et archives de cin\u00e9ma : http://www.cineressources.net (2022-10-20)\n810    $a IMDB (Internet movie database) : https://www.imdb.com/title/tt0189998 (2022-10-20)",
    "self_index": [
        "https www wikidata org wiki q1324090$?http viaf org viaf 316752046",
        "",
        "shadow of the vampire",
        "apres le tournage du film nosferatu eine symphonie des grauens sorti en france sous le titre de nosferatu le vampire de murnau",
        "le tournage de nosferatu eine symphonie des grauens 1922 est entrave par sa star max schreck qui prend le role un vampire beaucoup plus au serieux qu il ne semble humainement possible $?en 1921 friedrich murnau entreprend le tournage de sa version de dracula nosferatu contrevenant un peu aux regles de expressionnisme il decide de tourner en decors naturels et emmene son equipe dans une campagne retiree de tchecoslovaquie acteur qui doit incarner le vampire max schreck est parti sur les lieux avant tout le monde pour impregner de son personnage des sa premiere scene il terrorise son partenaire il apparait jamais visage decouvert adopte une attitude deconcertante et vit dans ombre retire de equipe qui commence inquieter bientot en plein tournage il se jette sur operateur et lui suce le sang schreck est en fait un authentique vampire qui en echange de sa prestation murnau promis de livrer son actrice vedette greta celle ci arrive sur les lieux schreck devient de plus en plus impatient et murnau doit sans cesse renegocier pour esperer finir son film un soir murnau drogue avoue tout son producteur celui ci essaie de pieger schreck en faisant entrer la lumiere du jour la fin de sa derniere scene pour le tuer mais le vampire dejoue le tour et furieux tue actrice le producteur et le nouvel operateur fascine murnau tourne des techniciens arrivent alors ouvrir une porte le soleil entre schreck meurt inconscient du drame murnau demande le cut",
        "https www wikidata org wiki q1324090$?http viaf org viaf 316752046",
        "",
        "shadow of the vampire",
        "apres le tournage du film nosferatu eine symphonie des grauens sorti en france sous le titre de nosferatu le vampire de murnau",
        "le tournage de nosferatu eine symphonie des grauens 1922 est entrave par sa star max schreck qui prend le role un vampire beaucoup plus au serieux qu il ne semble humainement possible $?en 1921 friedrich murnau entreprend le tournage de sa version de dracula nosferatu contrevenant un peu aux regles de expressionnisme il decide de tourner en decors naturels et emmene son equipe dans une campagne retiree de tchecoslovaquie acteur qui doit incarner le vampire max schreck est parti sur les lieux avant tout le monde pour impregner de son personnage des sa premiere scene il terrorise son partenaire il apparait jamais visage decouvert adopte une attitude deconcertante et vit dans ombre retire de equipe qui commence inquieter bientot en plein tournage il se jette sur operateur et lui suce le sang schreck est en fait un authentique vampire qui en echange de sa prestation murnau promis de livrer son actrice vedette greta celle ci arrive sur les lieux schreck devient de plus en plus impatient et murnau doit sans cesse renegocier pour esperer finir son film un soir murnau drogue avoue tout son producteur celui ci essaie de pieger schreck en faisant entrer la lumiere du jour la fin de sa derniere scene pour le tuer mais le vampire dejoue le tour et furieux tue actrice le producteur et le nouvel operateur fascine murnau tourne des techniciens arrivent alors ouvrir une porte le soleil entre schreck meurt inconscient du drame murnau demande le cut"
    ],
    "linked_entities_index": [
        "ombre du vampire shadow of the vampire elias merhige realisateur john malkovitch willem dafoe cary elwes et autres acteurs eng",
        "paris studio canal dl 2001 antony universal pictures video france sa",
        "",
        "",
        "",
        "comprend un making of",
        "",
        "ombre du vampire shadow of the vampire elias merhige realisateur john malkovitch willem dafoe cary elwes et autres acteurs eng",
        "paris studio canal dl 2001 antony universal pictures video france sa",
        "",
        "",
        "",
        "comprend un making of",
        "",
        "ombre du vampire shadow of the vampire elias merhige realisateur steven katz scenario dan jones compositeur john malkovitch willem dafoe cary elwes et autres acteurs eng",
        "paris studio canal dl 2001 antony universal pictures video france sa",
        "",
        "",
        "",
        "contient aussi les bandes annonces filmographies en coulisse bonus cache",
        "",
        "ombre du vampire shadow of the vampire elias merhige realisateur steven katz scenario dan jones compositeur john malkovitch willem dafoe cary elwes et autres acteurs eng",
        "paris studio canal dl 2001 antony universal pictures video france sa",
        "",
        "",
        "",
        "contient aussi les bandes annonces filmographies en coulisse bonus cache",
        "",
        "shadow of the vampire",
        "",
        "",
        "ombre du vampire shadow of the vampire elias merhige realisateur john malkovitch willem dafoe cary elwes et autres acteurs paris studio canal editeur antony universal pictures video france sa distributeur 2001 dl image animee video reference commerciale 196 241 studio canal $?wikipedia https fr wikipedia org wiki 27ombre du vampire 2022 10 20 $?cine ressources catalogue collectif des bibliotheques et archives de cinema http www cineressources net 2022 10 20 $?imdb internet movie database https www imdb com title tt0189998 2022 10 20",
        "shadow of the vampire",
        "",
        "",
        "ombre du vampire shadow of the vampire elias merhige realisateur john malkovitch willem dafoe cary elwes et autres acteurs paris studio canal editeur antony universal pictures video france sa distributeur 2001 dl image animee video reference commerciale 196 241 studio canal $?wikipedia https fr wikipedia org wiki 27ombre du vampire 2022 10 20 $?cine ressources catalogue collectif des bibliotheques et archives de cinema http www cineressources net 2022 10 20 $?imdb internet movie database https www imdb com title tt0189998 2022 10 20",
        "shadow of the vampire",
        "",
        "encodage du son format multicanal dolby digital",
        "ombre du vampire shadow of the vampire elias merhige realisateur steven katz scenario dan jones compositeur john malkovitch willem dafoe cary elwes et autres acteurs paris studio canal editeur antony universal pictures video france sa distributeur 2001 dl image animee video reference commerciale 1962412 studio canal $?wikipedia https fr wikipedia org wiki 27ombre du vampire 2022 11 08 $?cine ressources catalogue collectif des bibliotheques et archives de cinema http www cineressources net 2022 11 08 $?imdb internet movie database https www imdb com title tt0189998 2022 11 08",
        "shadow of the vampire",
        "",
        "encodage du son format multicanal dolby digital",
        "ombre du vampire shadow of the vampire elias merhige realisateur steven katz scenario dan jones compositeur john malkovitch willem dafoe cary elwes et autres acteurs paris studio canal editeur antony universal pictures video france sa distributeur 2001 dl image animee video reference commerciale 1962412 studio canal $?wikipedia https fr wikipedia org wiki 27ombre du vampire 2022 11 08 $?cine ressources catalogue collectif des bibliotheques et archives de cinema http www cineressources net 2022 11 08 $?imdb internet movie database https www imdb com title tt0189998 2022 11 08"
    ],
    "resp_index": [
        "merhige elias",
        "katz stephen",
        "malkovich john",
        "dafoe willem",
        "elwes cary",
        "bbc films",
        "saturn films",
        "pilgrim films and television",
        "film fund luxembourg",
        "merhige elias",
        "katz stephen",
        "malkovich john",
        "dafoe willem",
        "elwes cary",
        "bbc films",
        "saturn films",
        "pilgrim films and television",
        "film fund luxembourg"
    ],
    "linked_resp_index": [
        "studio canal plus",
        "universal pictures video france sa",
        "studio canal plus",
        "universal pictures video france sa",
        "lions gate productions"
    ],
    "global_index": " elwes cary encodage du son format multicanal dolby digital shadow of the vampire film fund luxembourg ombre du vampire shadow of the vampire elias merhige realisateur john malkovitch willem dafoe cary elwes et autres acteurs eng apres le tournage du film nosferatu eine symphonie des grauens sorti en france sous le titre de nosferatu le vampire de murnau dafoe willem katz stephen https www wikidata org wiki q1324090$?http viaf org viaf 316752046 bbc films lions gate productions paris studio canal dl 2001 antony universal pictures video france sa contient aussi les bandes annonces filmographies en coulisse bonus cache pilgrim films and television merhige elias malkovich john universal pictures video france sa le tournage de nosferatu eine symphonie des grauens 1922 est entrave par sa star max schreck qui prend le role un vampire beaucoup plus au serieux qu il ne semble humainement possible $?en 1921 friedrich murnau entreprend le tournage de sa version de dracula nosferatu contrevenant un peu aux regles de expressionnisme il decide de tourner en decors naturels et emmene son equipe dans une campagne retiree de tchecoslovaquie acteur qui doit incarner le vampire max schreck est parti sur les lieux avant tout le monde pour impregner de son personnage des sa premiere scene il terrorise son partenaire il apparait jamais visage decouvert adopte une attitude deconcertante et vit dans ombre retire de equipe qui commence inquieter bientot en plein tournage il se jette sur operateur et lui suce le sang schreck est en fait un authentique vampire qui en echange de sa prestation murnau promis de livrer son actrice vedette greta celle ci arrive sur les lieux schreck devient de plus en plus impatient et murnau doit sans cesse renegocier pour esperer finir son film un soir murnau drogue avoue tout son producteur celui ci essaie de pieger schreck en faisant entrer la lumiere du jour la fin de sa derniere scene pour le tuer mais le vampire dejoue le tour et furieux tue actrice le producteur et le nouvel operateur fascine murnau tourne des techniciens arrivent alors ouvrir une porte le soleil entre schreck meurt inconscient du drame murnau demande le cut saturn films ombre du vampire shadow of the vampire elias merhige realisateur steven katz scenario dan jones compositeur john malkovitch willem dafoe cary elwes et autres acteurs paris studio canal editeur antony universal pictures video france sa distributeur 2001 dl image animee video reference commerciale 1962412 studio canal $?wikipedia https fr wikipedia org wiki 27ombre du vampire 2022 11 08 $?cine ressources catalogue collectif des bibliotheques et archives de cinema http www cineressources net 2022 11 08 $?imdb internet movie database https www imdb com title tt0189998 2022 11 08 studio canal plus ombre du vampire shadow of the vampire elias merhige realisateur steven katz scenario dan jones compositeur john malkovitch willem dafoe cary elwes et autres acteurs eng ombre du vampire shadow of the vampire elias merhige realisateur john malkovitch willem dafoe cary elwes et autres acteurs paris studio canal editeur antony universal pictures video france sa distributeur 2001 dl image animee video reference commerciale 196 241 studio canal $?wikipedia https fr wikipedia org wiki 27ombre du vampire 2022 10 20 $?cine ressources catalogue collectif des bibliotheques et archives de cinema http www cineressources net 2022 10 20 $?imdb internet movie database https www imdb com title tt0189998 2022 10 20 comprend un making of",
    "type": "o",
    "label": "Shadow of the vampire, film",
    "splitted_label": "Shadow of the\nvampire, film",
    "stats_zones": {
        "001": 1,
        "033": 2,
        "100": 1,
        "101": 1,
        "102": 1,
        "104": 1,
        "125": 1,
        "127": 1,
        "140": 1,
        "145": 1,
        "147": 1,
        "152": 1,
        "154": 1,
        "231": 1,
        "333": 1,
        "370": 1,
        "378": 2,
        "431": 1,
        "441": 2,
        "501": 5,
        "511": 4,
        "531": 1,
        "608": 2,
        "640": 5,
        "801": 1,
        "810": 4
    },
    "resp": {
        "Merhige, E. Elias": [
            "Metteur en sc\u00e8ne ou r\u00e9alisateur"
        ],
        "Katz, Stephen": [
            "Sc\u00e9nariste"
        ],
        "Malkovich, John": [
            "Acteur"
        ],
        "Dafoe, Willem": [
            "Acteur"
        ],
        "Elwes, Cary": [
            "Acteur"
        ],
        "BBC Films": [
            "Producteur"
        ],
        "Saturn Films": [
            "Producteur"
        ],
        "Pilgrim Films and Television": [
            "Producteur"
        ],
        "Film Fund Luxembourg": [
            "Producteur"
        ]
    },
    "respIds": [
        "",
        "13955638",
        "14120989",
        "13930540",
        "15551902",
        "13931937"
    ],
    "toOeuvres": {},
    "toExpressions": {
        "UMLRM0130": "Shadow of the vampire, film, Franc\u0327ais",
        "UMLRM0184": "Shadow of the vampire, film, Anglais ; sous titrage en fran\u00e7ais"
    },
    "toManifs": {
        "UMLRM0131": "L'ombre du vampire, E. Elias Merhige, [r\u00e9alisateur], Studio Canal+ - Universal pictures vid\u00e9o France SA, [DL 2001], 1 cassette vid\u00e9o, VHS, SECAM, surround (Dolby), zone 2",
        "UMLRM0185": "L'ombre du vampire, E. Elias Merhige, [r\u00e9alisateur], Studio Canal+ - Universal pictures vid\u00e9o France SA, [DL 2001], 1 DVD vid\u00e9o, monoface, 16/9 compatible 4/3, PAL, Dolby digital 5.1, zone 2"
    },
    "manifsYears": [
        2001,
        2001
    ],
    "toItems": {
        "UMLRM1042": "BM_CELESTEVILLE > ADULTES > COTE_UMLRM1042",
        "UMLRM1051": "BM_CELESTEVILLE > ADULTES > COTE_UMLRM1051"
    },
    "repr": "id : UMLRM0129\ntype initial : oe ; type : o\nlabel : Shadow of the vampire, film\n\nNotice : \n000    04594nx  f2200553   4500\n001    UMLRM0129\n033    $a https://www.wikidata.org/wiki/Q1324090\n033    $a http://viaf.org/viaf/316752046\n100    $a 20221020afrey50      ba0\n101 0  $a eng $a ger\n102    $a GB $a US $a LU\n104    $a d2000\n125 00 $a m\n127 0  $a 013200\n140    $a ic $b ffho $2 BnF-GenreFilm\n145 0  $a b $b xa2ae\n147 0  $a h $e c\n152    $a RDA-FR\n154    $a xa\n231    $7 ba0yba0y $8 freeng $a Shadow of the vampire $c film\n333    $a Adultes, tout public\n370    $c D'apr\u00e8s le tournage du film \"Nosferatu : eine Symphonie des Grauens\" (sorti en France sous le titre de \"Nosferatu le vampire\") de F.-W. Murnau\n378    $a Le tournage de \"Nosferatu, eine Symphonie des Grauens\" (1922) est entrav\u00e9 par sa star Max Schreck, qui prend le r\u00f4le d'un vampire beaucoup plus au s\u00e9rieux qu'il ne semble humainement possible. $b IMDb\n378    $a En 1921, Friedrich Murnau entreprend le tournage de sa version de Dracula : Nosferatu. Contrevenant un peu aux r\u00e8gles de l'expressionnisme, il d\u00e9cide de tourner en d\u00e9cors naturels et emm\u00e8ne son \u00e9quipe dans une campagne retir\u00e9e de Tch\u00e9coslovaquie. L'acteur qui doit incarner le vampire, Max Schreck, est parti sur les lieux avant tout le monde pour s'impr\u00e9gner de son personnage. D\u00e8s sa premi\u00e8re sc\u00e8ne, il terrorise son partenaire. Il n'appara\u00eet jamais \u00e0 visage d\u00e9couvert, adopte une attitude d\u00e9concertante et vit dans l'ombre, retir\u00e9 de l'\u00e9quipe, qui commence \u00e0 s'inqui\u00e9ter. Bient\u00f4t, en plein tournage, il se jette sur l'op\u00e9rateur et lui suce le sang. Schreck est en fait un authentique vampire \u00e0 qui, en \u00e9change de sa prestation, Murnau a promis de livrer son actrice vedette, Greta. Celle-ci arrive sur les lieux. Schreck devient de plus en plus impatient et Murnau doit sans cesse ren\u00e9gocier pour esp\u00e9rer finir son film. Un soir, Murnau, drogu\u00e9, avoue tout \u00e0 son producteur. Celui-ci essaie de pi\u00e9ger Schreck en faisant entrer la lumi\u00e8re du jour \u00e0 la fin de sa derni\u00e8re sc\u00e8ne, pour le tuer. Mais le vampire d\u00e9joue le tour, et, furieux, tue l'actrice, le producteur et le nouvel op\u00e9rateur. Fascin\u00e9, Murnau tourne. Des techniciens arrivent alors \u00e0 ouvrir une porte. Le soleil entre, Schreck meurt. Inconscient du drame, Murnau demande le \"cut\". $b Les fiches du cin\u00e9ma $z fre\n431    $7 ba0yba0y $8 frefre $a L'ombre du vampire $c film\n441  1 $3 14120989 $a Merhige, E. Elias (1964-....) $t Shadow of the vampire $7 ba0yba0y $8 freeng\n441  1 $3 14120989 $a Merhige, E. Elias (1964-....) $t L'ombre du vampire $7 ba0yba0y $8 frefre\n501  1 $3 14120989 $7 ba0yba0y $8 fre###r $o ISNI 0000 0000 8001 4058 $a Merhige $b E. Elias $f 1964-.... $4 300\n501  1 $3 15551902 $7 ba0yba0y $8 fre### $a Katz $b Stephen $f 1959-.... $4 690\n501  1 $3 13931937 $7 ba0yba0y $8 freeng $o ISNI 0000 0001 2142 0985 $a Malkovich $b John $f 1953-.... $4 005\n501  1 $3 13930540 $7 ba0yba0y $8 fre### $o ISNI 0000 0001 2120 4334 $a Dafoe $b Willem $f 1955-.... $4 005\n501  1 $3 13955638 $7 ba0yba0y $8 fre### $o ISNI 0000 0001 1491 0388 $a Elwes $b Cary $f 1962-.... $4 005\n511 02 $7 ba0yba0y $8 freeng $o ISNI 0000 0001 0443 0962 $a BBC Films $4 630\n511 02 $7 ba0yba0y $8 freeng $o ISNI 0000 0000 8548 1923 $a Saturn Films $4 630\n511 02 $7 ba0yba0y $8 freeng $o ISNI 0000 0001 2189 1007 $a Pilgrim Films and Television $4 630\n511 02 $7 ba0yba0y $8 freeng $a Film Fund Luxembourg $4 630\n531    $5 xxl $3 UMLRM0001 $t Nosferatu : eine Symphonie des Grauens $c film\n608    $3 11931407 $a Films de vampires $2 rameauGenre\n608    $3 11980577 $a Films d\u2019horreur $2 rameauGenre\n640 6  $0 Premi\u00e8re mise \u00e0 disposition $a FR $f #20000515# $h Festival de Cannes\n640 6  $0 Date de sortie en salle $a FR $f #20001129#\n640 6  $0 Date de sortie en salle $a US $f #20001229#\n640 6  $0 Date de copyright $f #2000#####\n640 5  $0 Date de tournage $f #19990418# $i #19990528#\n801  0 $a FR $b FR-751131015 $c 20221020\n810    $a L'ombre du vampire = Shadow of the vampire / E. Elias Merhige, [r\u00e9alisateur] ; John Malkovitch, Willem Dafoe, Cary Elwes... [et autres], [acteurs]. \u2013 Paris : Studio Canal+ [\u00e9diteur] ; Antony : Universal pictures vid\u00e9o France SA [distributeur], 2001 (DL). \u2013 [Image anim\u00e9e : vid\u00e9o].\n810    $a Wikipedia : https://fr.wikipedia.org/wiki/L%27Ombre_du_vampire (2022-10-20)\n810    $a Cin\u00e9-ressources : catalogue collectif des biblioth\u00e8ques et archives de cin\u00e9ma : http://www.cineressources.net (2022-10-20)\n810    $a IMDB (Internet movie database) : https://www.imdb.com/title/tt0189998 (2022-10-20) \n\nXML : <Element {http://www.loc.gov/MARC21/slim}record at 0x218b7972640>\nIndexation :  elwes cary le tournage de nosferatu eine symphonie des grauens 1922 est entrave par sa star max schreck qui prend le role un vampire beaucoup plus au serieux qu il ne semble humainement possible $?en 1921 friedrich murnau entreprend le tournage de sa version de dracula nosferatu contrevenant un peu aux regles de expressionnisme il decide de tourner en decors naturels et emmene son equipe dans une campagne retiree de tchecoslovaquie acteur qui doit incarner le vampire max schreck est parti sur les lieux avant tout le monde pour impregner de son personnage des sa premiere scene il terrorise son partenaire il apparait jamais visage decouvert adopte une attitude deconcertante et vit dans ombre retire de equipe qui commence inquieter bientot en plein tournage il se jette sur operateur et lui suce le sang schreck est en fait un authentique vampire qui en echange de sa prestation murnau promis de livrer son actrice vedette greta celle ci arrive sur les lieux schreck devient de plus en plus impatient et murnau doit sans cesse renegocier pour esperer finir son film un soir murnau drogue avoue tout son producteur celui ci essaie de pieger schreck en faisant entrer la lumiere du jour la fin de sa derniere scene pour le tuer mais le vampire dejoue le tour et furieux tue actrice le producteur et le nouvel operateur fascine murnau tourne des techniciens arrivent alors ouvrir une porte le soleil entre schreck meurt inconscient du drame murnau demande le cut film fund luxembourg saturn films pilgrim films and television merhige elias shadow of the vampire dafoe willem katz stephen apres le tournage du film nosferatu eine symphonie des grauens sorti en france sous le titre de nosferatu le vampire de murnau malkovich john https www wikidata org wiki q1324090$?http viaf org viaf 316752046 bbc films",
    "subjects": {},
    "genreforme": {
        "11931407": "",
        "11980577": ""
    },
    "detailed": "Description : D'apr\u00e8s le tournage du film \"Nosferatu : eine Symphonie des Grauens\" (sorti en France sous le titre de \"Nosferatu le vampire\") de F.-W. Murnau.\nLe tournage de \"Nosferatu, eine Symphonie des Grauens\" (1922) est entrav\u00e9 par sa star Max Schreck, qui prend le r\u00f4le d'un vampire beaucoup plus au s\u00e9rieux qu'il ne semble humainement possible..\nEn 1921, Friedrich Murnau entreprend le tournage de sa version de Dracula : Nosferatu. Contrevenant un peu aux r\u00e8gles de l'expressionnisme, il d\u00e9cide de tourner en d\u00e9cors naturels et emm\u00e8ne son \u00e9quipe dans une campagne retir\u00e9e de Tch\u00e9coslovaquie. L'acteur qui doit incarner le vampire, Max Schreck, est parti sur les lieux avant tout le monde pour s'impr\u00e9gner de son personnage. D\u00e8s sa premi\u00e8re sc\u00e8ne, il terrorise son partenaire. Il n'appara\u00eet jamais \u00e0 visage d\u00e9couvert, adopte une attitude d\u00e9concertante et vit dans l'ombre, retir\u00e9 de l'\u00e9quipe, qui commence \u00e0 s'inqui\u00e9ter. Bient\u00f4t, en plein tournage, il se jette sur l'op\u00e9rateur et lui suce le sang. Schreck est en fait un authentique vampire \u00e0 qui, en \u00e9change de sa prestation, Murnau a promis de livrer son actrice vedette, Greta. Celle-ci arrive sur les lieux. Schreck devient de plus en plus impatient et Murnau doit sans cesse ren\u00e9gocier pour esp\u00e9rer finir son film. Un soir, Murnau, drogu\u00e9, avoue tout \u00e0 son producteur. Celui-ci essaie de pi\u00e9ger Schreck en faisant entrer la lumi\u00e8re du jour \u00e0 la fin de sa derni\u00e8re sc\u00e8ne, pour le tuer. Mais le vampire d\u00e9joue le tour, et, furieux, tue l'actrice, le producteur et le nouvel op\u00e9rateur. Fascin\u00e9, Murnau tourne. Des techniciens arrivent alors \u00e0 ouvrir une porte. Le soleil entre, Schreck meurt. Inconscient du drame, Murnau demande le \"cut\".\n\n\nPremi\u00e8re mise \u00e0 disposition : 15/05/2000\nDate de sortie en salle : 29/11/2000\nDate de sortie en salle : 29/12/2000\nDate de copyright : 2000\nDate de tournage : 18/04/1999",
    "rebonds": "<span class='rebond'><a href='full_results_UMLRM0001.html'>Nosferatu : eine Symphonie des Grauens film</a></span>",
    "exprResp": [],
    "lang": [
        "eng",
        "ger",
        "fre"
    ],
    "exprContentType": [
        "film"
    ]
}